<record><leader>00000cas a22000007a 4500</leader><controlfield tag="001">20580998</controlfield><controlfield tag="008">891101d18951909mouwr ne      0    0eng d</controlfield><datafield ind1=" " ind2=" " tag="010"><subfield code="a">sn 89067423 </subfield></datafield><datafield ind1=" " ind2=" " tag="040"><subfield code="a">MQN</subfield><subfield code="b">eng</subfield><subfield code="c">MQN</subfield><subfield code="d">OCLCQ</subfield></datafield><datafield ind1=" " ind2=" " tag="042"><subfield code="a">msc</subfield></datafield><datafield ind1="0" ind2="4" tag="245"><subfield code="a">The Graham post.</subfield></datafield><datafield ind1=" " ind2=" " tag="260"><subfield code="a">Graham, Mo. :</subfield><subfield code="b">Oren M. Elliott</subfield></datafield><datafield ind1=" " ind2=" " tag="300"><subfield code="a">v.</subfield></datafield><datafield ind1=" " ind2=" " tag="310"><subfield code="a">Weekly</subfield></datafield><datafield ind1="1" ind2=" " tag="362"><subfield code="a">Began in 1895? Ceased in 1909?</subfield></datafield><datafield ind1=" " ind2=" " tag="588"><subfield code="a">Description based on: Vol. 16, no. 18 (May 3, 1906).</subfield></datafield><datafield ind1=" " ind2=" " tag="752"><subfield code="a">United States</subfield><subfield code="b">Missouri</subfield><subfield code="c">Nodaway</subfield><subfield code="d">Graham.</subfield></datafield><datafield ind1="0" ind2="0" tag="780"><subfield code="t">Reporter (Graham, Mo.)</subfield></datafield></record>